<?xml version="1.0" encoding="UTF-8"?><collection xmlns="http://www.loc.gov/MARC21/slim"><record><leader>00354nam--2200121-i-4500</leader><controlfield tag="001">000005026</controlfield><controlfield tag="002">20161230</controlfield><controlfield tag="005">20161230201026</controlfield><controlfield tag="008">060222s1000------------r-----000-0-eng-d</controlfield><datafield ind1=" " ind2=" " tag="100"><subfield code="a">Andnronikashvili, E.L.And Lifshits, E.M</subfield></datafield><datafield ind1=" " ind2=" " tag="245"><subfield code="a">A supplement to  helium . translated from russian</subfield></datafield><datafield ind1=" " ind2=" " tag="260"><subfield code="a">New York, Consultants Bureau, 1959 V + 167 P</subfield></datafield><datafield ind1=" " ind2=" " tag="852"><subfield code="a">15359</subfield></datafield></record></collection>